
@article{
  roads2024,
  title={Modeling Similarity and Psychological Space},
  volume={75},
  ISSN={0066-4308, 1545-2085},
  url={https://www.annualreviews.org/doi/10.1146/annurev-psych-040323-115131},
  DOI={10.1146/annurev-psych-040323-115131},
  number={1},
  journal={Annual Review of Psychology},
  author={Roads, Brett D. and Love, Bradley C.},
  year={2024},
  month={Jan},
pages={215–240} }

@article{
  shepardSecondorderIsomorphismInternal1970,
  title={Second-order isomorphism of internal representations: Shapes of states},
  volume={1},
  ISSN={0010-0285},
  url={https://www.sciencedirect.com/science/article/pii/0010028570900022},
  DOI={10.1016/0010-0285(70)90002-2},
  number={1},
  journal={Cognitive Psychology},
  author={Shepard, Roger N and Chipman, Susan},
  year={1970},
  month={Jan},
pages={1–17} }

@article{
  sasakiToolboxGromovWassersteinOptimal2023,
  title={Toolbox for Gromov-Wasserstein optimal transport: Application to unsupervised alignment in neuroscience},
  url={https://www.biorxiv.org/content/10.1101/2023.09.15.558038v1},
  DOI={10.1101/2023.09.15.558038},
  year={2023},
author={Sasaki, Masaru and Takeda, Ken and Abe, Kota and Oizumi, Masafumi} }

@article{
  kriegeskorteRepresentationalSimilarityAnalysis2008,
  title={Representational similarity analysis - connecting the branches of systems neuroscience},
  volume={2},
  ISSN={1662-5137},
  url={https://www.frontiersin.org/articles/10.3389/neuro.06.004.2008},
  journal={Frontiers in Systems Neuroscience},
  author={Kriegeskorte, Nikolaus and Mur, Marieke and Bandettini, Peter},
year={2008} }

@article{tsuchiyaEnrichedCategoryModel2022,
	title = {Enriched category as a model of qualia structure based on similarity judgements},
	author = {Tsuchiya, Naotsugu and Phillips, Steven and Saigo, Hayato},
	year = {2022},
	month = {05},
	date = {2022-05-01},
	journal = {Consciousness and Cognition},
	pages = {103319},
	volume = {101},
	doi = {10.1016/j.concog.2022.103319},
	url = {https://www.sciencedirect.com/science/article/pii/S1053810022000514}
}

@article{kawakitaMyRedYour2023,
	title = {Is my{"} red{"} your{"} red{"}?: Unsupervised alignment of qualia structures via optimal transport},
	author = {Kawakita, Genji and Zeleznikow-Johnston, Ariel and Takeda, Ken and Tsuchiya, Naotsugu and Oizumi, Masafumi},
	year = {2023},
	date = {2023},
	note = {Publisher: PsyArXiv}
}

@article{kawakitaComparingColorSimilarity2023,
	title = {Comparing Color Similarity Structures between Humans and LLMs via Unsupervised Alignment},
	author = {Kawakita, Genji and Zeleznikow-Johnston, Ariel and Tsuchiya, Naotsugu and Oizumi, Masafumi},
	doi = {10.48550/arXiv.2308.04381}
}

@article{zeleznikow-johnstonAreColorExperiences2023,
	title = {Are Color Experiences the Same across the Visual Field?},
	author = {Zeleznikow-Johnston, Ariel and Aizawa, Yasunori and Yamada, Makiko and Tsuchiya, Naotsugu},
	year = {2023},
	month = {04},
	date = {2023-04-01},
	journal = {Journal of Cognitive Neuroscience},
	pages = {509--542},
	volume = {35},
	number = {4},
	doi = {10.1162/jocn_a_01962},
	url = {https://doi.org/10.1162/jocn_a_01962}
}

@article{bainbridgeQuantifyingAphantasiaDrawing2021,
	title = {Quantifying aphantasia through drawing: Those without visual imagery show deficits in object but not spatial memory},
	author = {Bainbridge, Wilma A. and Pounder, {Zoë} and Eardley, Alison F. and Baker, Chris I.},
	year = {2021},
	month = {02},
	date = {2021-02-01},
	journal = {Cortex},
	pages = {159--172},
	volume = {135},
	doi = {10.1016/j.cortex.2020.11.014},
	url = {https://www.sciencedirect.com/science/article/pii/S0010945220304317}
}

@article{kriegeskorteInverseMDSInferring2012,
	title = {Inverse MDS: Inferring Dissimilarity Structure from Multiple Item Arrangements},
	author = {Kriegeskorte, Nikolaus and Mur, Marieke},
	year = {2012},
	date = {2012},
	journal = {Frontiers in Psychology},
	volume = {3},
	url = {https://www.frontiersin.org/articles/10.3389/fpsyg.2012.00245}
}

@article{gardenforsConceptualSpacesFramework,
	title = {Conceptual Spaces as a Framework for Knowledge Representation},
	author = {Gardenfors, Peter},
	langid = {en}
}

@article{decockSimilarityGoodman2011,
	title = {Similarity After Goodman},
	author = {Decock, Lieven and Douven, Igor},
	year = {2011},
	month = {03},
	date = {2011-03-01},
	journal = {Review of Philosophy and Psychology},
	pages = {61--75},
	volume = {2},
	number = {1},
	doi = {10.1007/s13164-010-0035-y},
	url = {https://doi.org/10.1007/s13164-010-0035-y},
	langid = {en}
}

@inbook{goodmanSevenStricturesSimilarity1972,
	title = {Seven Strictures on Similarity},
	author = {Goodman, Nelson},
	year = {1972},
	date = {1972},
	publisher = {Bobs-Merril}
}

@article{
  gardenforsConceptualSpacesFramework2004,
  title={Conceptual Spaces as a Framework for Knowledge Representation},
  author={Gardenfors, Peter},
year={2004} }

@article{murHumanObjectSimilarityJudgments2013,
	title = {Human Object-Similarity Judgments Reflect and Transcend the Primate-IT Object Representation},
	author = {Mur, Marieke and Meys, Mirjam and Bodurka, Jerzy and Goebel, Rainer and Bandettini, Peter and Kriegeskorte, Nikolaus},
	year = {2013},
	date = {2013},
	journal = {Frontiers in Psychology},
	volume = {4},
	url = {https://www.frontiersin.org/articles/10.3389/fpsyg.2013.00128}
}

@book{majewskaSpatialMultiarrangementClustering2020,
	title = {Spatial multi-arrangement for clustering and multi-way similarity dataset construction},
	author = {Majewska, O. and McCarthy, D. and van den Bosch, J. and Kriegeskorte, N. and Vulic, I. and Korhonen, A.},
	year = {2020},
	date = {2020},
	publisher = {European Language Resources Association},
	url = {https://www.repository.cam.ac.uk/handle/1810/306834},
	note = {ISSN: 2522-2686},
	langid = {eng}
}

@article{gardenfors2004,
	title = {Conceptual Spaces as a Framework for Knowledge Representation},
	author = {Gardenfors, Peter},
	year = {2004},
	date = {2004},
	langid = {en}
}

@article{jozwik2016,
	title = {Visual features as stepping stones toward semantics: Explaining object similarity in IT and perception with non-negative least squares},
	author = {Jozwik, Kamila M. and Kriegeskorte, Nikolaus and Mur, Marieke},
	year = {2016},
	month = {03},
	date = {2016-03-01},
	journal = {Neuropsychologia},
	pages = {201--226},
	series = {Special Issue: Functional Selectivity in Perceptual and Cognitive Systems - A Tribute to Shlomo Bentin (1946-2012)},
	volume = {83},
	doi = {10.1016/j.neuropsychologia.2015.10.023},
	url = {https://www.sciencedirect.com/science/article/pii/S0028393215301998}
}

@article{jozwik2017,
	title = {Deep Convolutional Neural Networks Outperform Feature-Based But Not Categorical Models in Explaining Object Similarity Judgments},
	author = {Jozwik, Kamila M. and Kriegeskorte, Nikolaus and Storrs, Katherine R. and Mur, Marieke},
	year = {2017},
	date = {2017},
	journal = {Frontiers in Psychology},
	volume = {8},
	url = {https://www.frontiersin.org/articles/10.3389/fpsyg.2017.01726}
}

@article{marr1997,
	title = {Representation and recognition of the spatial organization of three-dimensional shapes},
	author = {Marr, D. and Nishihara, H. K. and Brenner, Sydney},
	year = {1997},
	month = {01},
	date = {1997-01},
	journal = {Proceedings of the Royal Society of London. Series B. Biological Sciences},
	pages = {269--294},
	volume = {200},
	number = {1140},
	doi = {10.1098/rspb.1978.0020},
	url = {https://royalsocietypublishing.org/doi/abs/10.1098/rspb.1978.0020},
	note = {Publisher: Royal Society}
}

@article{kriegeskorte2008,
	title = {Representational similarity analysis - connecting the branches of systems neuroscience},
	author = {Kriegeskorte, Nikolaus and Mur, Marieke and Bandettini, Peter},
	year = {2008},
	date = {2008},
	journal = {Frontiers in Systems Neuroscience},
	volume = {2},
	url = {https://www.frontiersin.org/articles/10.3389/neuro.06.004.2008}
}

@article{kawakita2023,
	title = {Is my{"} red{"} your{"} red{"}?: Unsupervised alignment of qualia structures via optimal transport},
	author = {Kawakita, Genji and Zeleznikow-Johnston, Ariel and Takeda, Ken and Tsuchiya, Naotsugu and Oizumi, Masafumi},
	year = {2023},
	date = {2023},
	note = {Publisher: PsyArXiv}
}
